<record><leader>00000cas a22000007a 4500</leader><controlfield tag="001">25980722</controlfield><controlfield tag="008">920609d18721872maumr ne      0    0eng d</controlfield><datafield ind1=" " ind2=" " tag="010"><subfield code="a">sn 92057016 </subfield></datafield><datafield ind1=" " ind2=" " tag="040"><subfield code="a">MGN</subfield><subfield code="b">eng</subfield><subfield code="c">MGN</subfield><subfield code="d">OCLCQ</subfield></datafield><datafield ind1=" " ind2=" " tag="042"><subfield code="a">msc</subfield></datafield><datafield ind1="0" ind2="0" tag="245"><subfield code="a">Castine monthly news.</subfield></datafield><datafield ind1=" " ind2=" " tag="260"><subfield code="a">Castine, Me. :</subfield><subfield code="b">George A. Wheeler</subfield></datafield><datafield ind1=" " ind2=" " tag="300"><subfield code="a">v.</subfield></datafield><datafield ind1=" " ind2=" " tag="310"><subfield code="a">Monthly</subfield></datafield><datafield ind1="0" ind2=" " tag="362"><subfield code="a">-no. 3 (Apr. 1872).</subfield></datafield><datafield ind1=" " ind2=" " tag="588"><subfield code="a">Description based on: No. 2 (Mar. 1872).</subfield></datafield><datafield ind1=" " ind2=" " tag="752"><subfield code="a">United States</subfield><subfield code="b">Maine</subfield><subfield code="c">Hancock</subfield><subfield code="d">Castine.</subfield></datafield><datafield ind1="0" ind2="0" tag="785"><subfield code="t">Castine gazette</subfield><subfield code="w">(DLC)sn 92057017</subfield></datafield></record>